@article{corcoran2021heuristics,
	title={Heuristics for k-domination models of facility location problems in street networks},
	author={Corcoran, Padraig and Gagarin, Andrei},
	journal={Computers \& Operations Research},
	volume={133},
	pages={105368},
	year={2021},
	publisher={Elsevier}
}
 