@article{corcoran2021heuristics,
	title={Heuristics for k-domination models of facility location problems in street networks},
	author={Corcoran, Padraig and Gagarin, Andrei},
	journal={Computers \& Operations Research},
	volume={133},
	pages={105368},
	year={2021},
	publisher={Elsevier}
}
 
 @article{mashaghi2004investigation,
 	title={Investigation of a protein complex network},
 	author={Mashaghi, Alireza R and Ramezanpour, Abolfazl and Karimipour, Vahid},
 	journal={The European Physical Journal B-Condensed Matter and Complex Systems},
 	volume={41},
 	number={1},
 	pages={113--121},
 	year={2004},
 	publisher={Springer}
 }
 
 @article{shah2019characterizing,
 	title={Characterizing the role of the structural connectome in seizure dynamics},
 	author={Shah, Preya and Ashourvan, Arian and Mikhail, Fadi and Pines, Adam and Kini, Lohith and Oechsel, Kelly and Das, Sandhitsu R and Stein, Joel M and Shinohara, Russell T and Bassett, Danielle S and others},
 	journal={Brain},
 	volume={142},
 	number={7},
 	pages={1955--1972},
 	year={2019},
 	publisher={Oxford University Press}
 }
 
 @inproceedings{pirzada2007applications,
 	title={Applications of graph theory},
 	author={Pirzada, Shariefuddin},
 	booktitle={PAMM: Proceedings in Applied Mathematics and Mechanics},
 	volume={7},
 	number={1},
 	pages={2070013--2070013},
 	year={2007},
 	organization={Wiley Online Library}
 }
 @book{haynes2013fundamentals,
 	title={Fundamentals of domination in graphs},
 	author={Haynes, Teresa W and Hedetniemi, Stephen and Slater, Peter},
 	year={2013},
 	publisher={CRC press}
 }
 
 @article{doi:10.1137/S0895480100375831,
 	author = {Haynes, Teresa W. and Hedetniemi, Sandra M. and Hedetniemi, Stephen T. and Henning, Michael A.},
 	title = {Domination in Graphs Applied to Electric Power Networks},
 	journal = {SIAM Journal on Discrete Mathematics},
 	volume = {15},
 	number = {4},
 	pages = {519-529},
 	year = {2002},
 	doi = {10.1137/S0895480100375831}
 }

@article{grandoni2006note,
	title={A note on the complexity of minimum dominating set},
	author={Grandoni, Fabrizio},
	journal={Journal of Discrete Algorithms},
	volume={4},
	number={2},
	pages={209--214},
	year={2006},
	publisher={Elsevier}
}

@article{nacher2016minimum,
	title={Minimum dominating set-based methods for analyzing biological networks},
	author={Nacher, Jose C and Akutsu, Tatsuya},
	journal={Methods},
	volume={102},
	pages={57--63},
	year={2016},
	publisher={Elsevier}
}
@inproceedings{shen2010multi,
	title={Multi-document summarization via the minimum dominating set},
	author={Shen, Chao and Li, Tao},
	booktitle={Proceedings of the 23rd International Conference on Computational Linguistics (Coling 2010)},
	pages={984--992},
	year={2010}
}
@inproceedings{hedar2010hybrid,
	title={Hybrid genetic algorithm for minimum dominating set problem},
	author={Hedar, Abdel-Rahman and Ismail, Rashad},
	booktitle={International conference on computational science and its applications},
	pages={457--467},
	year={2010},
	organization={Springer}
}
@article{hedar2012simulated,
	title={Simulated annealing with stochastic local search for minimum dominating set problem},
	author={Hedar, Abdel-Rahman and Ismail, Rashad},
	journal={International Journal of Machine Learning and Cybernetics},
	volume={3},
	number={2},
	pages={97--109},
	year={2012},
	publisher={Springer}
}
@article{ho2006enhanced,
	title={An enhanced ant colony optimization metaheuristic for the minimum dominating set problem},
	author={Ho, Chin Kuan and Singh, Yashwant Prasad and Ewe, Hong Tat},
	journal={Applied Artificial Intelligence},
	volume={20},
	number={10},
	pages={881--903},
	year={2006},
	publisher={Taylor \& Francis}
}
@article{van2011exact,
	title={Exact algorithms for dominating set},
	author={Van Rooij, Johan MM and Bodlaender, Hans L},
	journal={Discrete Applied Mathematics},
	volume={159},
	number={17},
	pages={2147--2164},
	year={2011},
	publisher={Elsevier}
}
@article{karci2020new,
	title={New algorithms for minimum dominating set in any graphs},
	author={KARC{\.I}, Ali},
	journal={Computer Science},
	volume={5},
	number={2},
	pages={62--70},
	year={2020}
}
@inproceedings{romania2010ant,
	title={Ant colony optimization applied to minimum weight dominating set problem},
	author={Romania, QATAR SERBIA},
	booktitle={Proceedings of the 12th WSEAS international conference on automatic control, modelling and simulation. Catania, Italy},
	pages={29--31},
	year={2010}
}
@article{chalupa2018order,
	title={An order-based algorithm for minimum dominating set with application in graph mining},
	author={Chalupa, David},
	journal={Information Sciences},
	volume={426},
	pages={101--116},
	year={2018},
	publisher={Elsevier}
}
@article{yuan2019novel,
	title={A novel hybrid algorithm for minimum total dominating set problem},
	author={Yuan, Fuyu and Li, Chenxi and Gao, Xin and Yin, Minghao and Wang, Yiyuan},
	journal={Mathematics},
	volume={7},
	number={3},
	pages={222},
	year={2019},
	publisher={MDPI}
}
@incollection{butenko2004new,
	title={A new heuristic for the minimum connected dominating set problem on ad hoc wireless networks},
	author={Butenko, Sergiy and Cheng, Xiuzhen and Oliveira, Carlos A and Pardalos, Panos M},
	booktitle={Recent developments in cooperative control and optimization},
	pages={61--73},
	year={2004},
	publisher={Springer}
}
@article{haas2014k,
	title={The k-dominating graph},
	author={Haas, Ruth and Seyffarth, Karen},
	journal={Graphs and Combinatorics},
	volume={30},
	number={3},
	pages={609--617},
	year={2014},
	publisher={Springer}
}
@article{chang1983k,
	title={K-DOMINATION AND GRAPH COVERING PROBLEMS.},
	author={Chang, Gerard Jennhwa},
	year={1983}
}
@article{lan2013algorithmic,
	title={Algorithmic aspects of the k-domination problem in graphs},
	author={Lan, James K and Chang, Gerard Jennhwa},
	journal={Discrete Applied Mathematics},
	volume={161},
	number={10-11},
	pages={1513--1520},
	year={2013},
	publisher={Elsevier}
}
@article{lan2014algorithmic,
	title={On the algorithmic complexity of k-tuple total domination},
	author={Lan, James K and Chang, Gerard Jennhwa},
	journal={Discrete Applied Mathematics},
	volume={174},
	pages={81--91},
	year={2014},
	publisher={Elsevier}
}
@inproceedings{wang2013minimising,
	title={Minimising k-dominating set in arbitrary network graphs},
	author={Wang, Guangyuan and Wang, Hua and Tao, Xiaohui and Zhang, Ji and Zhang, Jinhua},
	booktitle={International Conference on Advanced Data Mining and Applications},
	pages={120--132},
	year={2013},
	organization={Springer}
}
@inproceedings{couture2006incremental,
	title={Incremental construction of k-dominating sets in wireless sensor networks},
	author={Couture, Mathieu and Barbeau, Michel and Bose, Prosenjit and Kranakis, Evangelos},
	booktitle={International Conference On Principles Of Distributed Systems},
	pages={202--214},
	year={2006},
	organization={Springer}
}

@article{gagarin2013randomized,
	title={Randomized algorithms and upper bounds for multiple domination in graphs and networks},
	author={Gagarin, Andrei and Poghosyan, Anush and Zverovich, Vadim},
	journal={Discrete Applied Mathematics},
	volume={161},
	number={4-5},
	pages={604--611},
	year={2013},
	publisher={Elsevier}
}
@article{gad2021pygad,
	title={Pygad: An intuitive genetic algorithm python library},
	author={Gad, Ahmed Fawzy},
	journal={arXiv preprint arXiv:2106.06158},
	year={2021}
}

   @inproceedings{ranjan2019k,
   	title={K-nearest neighbors and grid search cv based real time fault monitoring system for industries},
   	author={Ranjan, GSK and Verma, Amar Kumar and Radhika, Sudha},
   	booktitle={2019 IEEE 5th international conference for convergence in technology (I2CT)},
   	pages={1--5},
   	year={2019},
   	organization={IEEE}
   }
  
  @article{mladenovic1997variable,
  	title={Variable neighborhood search},
  	author={Mladenovi{\'c}, Nenad and Hansen, Pierre},
  	journal={Computers \& operations research},
  	volume={24},
  	number={11},
  	pages={1097--1100},
  	year={1997},
  	publisher={Elsevier}
  }
  @article{fleszar2004solving,
  	title={Solving the resource-constrained project scheduling problem by a variable neighbourhood search},
  	author={Fleszar, Krzysztof and Hindi, Khalil S},
  	journal={European Journal of Operational Research},
  	volume={155},
  	number={2},
  	pages={402--413},
  	year={2004},
  	publisher={Elsevier}
  }
  @article{rezgui2019application,
  	title={Application of a variable neighborhood search algorithm to a fleet size and mix vehicle routing problem with electric modular vehicles},
  	author={Rezgui, Dhekra and Siala, Jouhaina Chaouachi and Aggoune-Mtalaa, Wassila and Bouziri, Hend},
  	journal={Computers \& Industrial Engineering},
  	volume={130},
  	pages={537--550},
  	year={2019},
  	publisher={Elsevier}
  }
  
  @article{herran2019variable,
  	title={A variable neighborhood search approach for the Hamiltonian p-median problem},
  	author={Herr{\'a}n, Alberto and Colmenar, J Manuel and Duarte, Abraham},
  	journal={Applied Soft Computing},
  	volume={80},
  	pages={603--616},
  	year={2019},
  	publisher={Elsevier}
  }
  @article{gagarin2018multiple,
  	title={Multiple domination models for placement of electric vehicle charging stations in road networks},
  	author={Gagarin, Andrei and Corcoran, Padraig},
  	journal={Computers \& Operations Research},
  	volume={96},
  	pages={69--79},
  	year={2018},
  	publisher={Elsevier}
  }
  @article{parekh1991analysis,
  	title={Analysis of a greedy heuristic for finding small dominating sets in graphs},
  	author={Parekh, Abhay K},
  	journal={Information processing letters},
  	volume={39},
  	number={5},
  	pages={237--240},
  	year={1991},
  	publisher={Elsevier}
  }

@article{gad2021pygad,
	title={Pygad: An intuitive genetic algorithm python library},
	author={Gad, Ahmed Fawzy},
	journal={arXiv preprint arXiv:2106.06158},
	year={2021}
}
  